\begin{thebibliography}{}
\bibitem{Vitagliano} 
E. Vitagliano, J. Redondo, G. Raffelta et al.
\textit{Solar neutrino flux at keV energies}. 
2017.

\end{thebibliography}

\bibitem{Maki} 
Z. Maki, M. Nakagawa, S. Sakata et al.
\textit{Remarks on the Unified Model of Elementary Particles}. 
1962.

\bibitem{Szadowski} 
Z. Szadowski, D. Glas, K. Pytel et al.
\textit{Artificial Neural Networks as a FPGA Trigger for a Detection of Neutrino-Induced Air Showers}. 
2016.

\bibitem{Perdue} 
G.N Perdue, A. Ghosh, M. Wospakrik  et al.
\textit{Reducing model bias in a deep learning classifier using domain adversarial neural networks in MINER$\nu$A experiment}. 
2018.

\bibitem{Brenzke} 
M. Brenzke
\textit{Development and Optimization of Deep Neural Networks for Energy Reconstruction of Muon Events in IceCube}. 
2017.

\bibitem{Acciarri_1} 
R. Acciarri, M. A. Acero, M. Adamowski et al.
\textit{Long-Baseline Neutrino Facility (LBNF) and Deep Underground Neutrino Experiment (DUNE) Conceptual Design Report Volume 1: The LBNF and DUNE Projects}. 
2016.

\bibitem{Aurisano} 
A. Aurisano, A. Radovic, D. Rocco et al.
\textit{A Convolutional Neural Network Neutrino Event Classifier}. 
2016.

\bibitem{Fukuda} 
Y. Fukuda , T.Hayakawa , E.Ichihara et al.
\textit{Evidence for oscillation of atmospheric neutrinos}. 
1998.

\bibitem{Capozzi} 
F. Capozzi, E. Lisi and A. Marrone et al.
\textit{Neutrino masses and mixings: Status of known and unknown 3$\nu$ parameters}. 
2016.

\bibitem{Sonneveld} 
J. Sonneveld
\textit{Searches for physics beyond the standard model at the LHC}. 
2018.

\bibitem{Singh} 
P. Singh
\textit{Extracting neutrino oscillation parameters using a simultaneous fit of the $\nu_e$ appearance and $\nu_\mu$ disappearance data in the NOvA experiment}. 
2017.

\bibitem{Szegedy} 
C. Szegedy, C. Hill  and Y. Jia et al.
\textit{Going deeper with convolutions}. 
2014.

\bibitem{Adamson} 
P. Adamson, C. Ader and M. Andrews et al.
\textit{First measurement of muon-neutrino disappearance in NOvA}. 
2016.

\bibitem{McCulloch} 
W. McCulloch and W. Pitts. 
\textit{A Logical Calculus of Ideas Immanent in Nervous Activity}. 
1943.

\bibitem{Andreopoulos_1} 
C. Andreopoulos , C. Barry , S. Dytman et al.
\textit{The GENIE Neutrino Monte Carlo Generator PHYSICS \& USER MANUAL}. 
2015.

\bibitem{Andreopoulos_2} 
C.Andreopoulos , A.Bellb, D.Bhattacharyab et al.
\textit{The GENIE Neutrino Monte Carlo Generator}. 
2009.

\bibitem{Lalakulich} 
O. Lalakulich, K. Gallmeister, U. Mosel et al.
\textit{Neutrino nucleus reactions within the GiBUU model}. 
2011.

\bibitem{Acciarri_2} 
R. Acciarri, C. Adams, R. An et al.
\textit{Convolutional neural networks applied to neutrino events in a liquid argon time projection chamber}. 
2017.

\bibitem{Ganin} 
Y. Ganin, E. Ustinova, H. Ajakan et al.
\textit{Domain-Adversarial Training of Neural Networks}.
2016. 

\bibitem{Bousmalis} 
Z. Bousmalis, G. Trigeorgis, N. Silberman et al.
\textit{Domain Separation Networks}.
2016.

\bibitem{Louppe} 
G. Louppe, M. Kegan K. Crammer et al.
\textit{Learning to Pivot with Adversarial Neural Networks}.
2017.

\bibitem{Brun} 
R. Brun, F. Rademakers et al.
\textit{ROOT - An object oriented data analysis framework}.
1997.

\end{thebibliography}
